
@article{fire_paper,
  title={The Influence of COVID-19 Stay at Home Measures on Fire Statistics Sampled from New York City, London, San Francisco, and Tokyo},
  author={Suzuki, Sayaka and Manzello, Samuel L},
  journal={Fire Technology},
  volume={58},
  number={2},
  pages={679--688},
  year={2022},
  publisher={Springer}
}

@article{koester2020comparing,
  title={Comparing the impact of COVID-19 on Search and Rescue and fire emergency incident responses},
  author={Koester, Robert J and Greatbatch, Ian},
  journal={Journal of Search and Rescue},
  volume={4},
  number={2},
  pages={190--199},
  year={2020}
}


@misc{google,
  title = {Google Mobility Data},
  howpublished = {https://www.google.com/covid19/mobility/}
}


@misc{nfors,
  title = {NFORS},
  howpublished = {https://i-psdi.org/nfors-overview.html}
}











